00599cas a22002291a 4500
001 9917738193502836
003 Nz
005 20161223172957.0
008 040113d18891890nz  r ne      0   0 eng d
035    $a (Nz)8183873
035    $a (OCoLC)947774581
035    $a (NLNZils)1773819
035    $a (NLNZils)1773819-ilsdb
040    $a WN $c WN
042    $a nznb
043    $a u-nz---
245 00 $a Tauranga evening star.
260    $a Tauranga [N.Z.]
362 0  $a 1889?-1890?
500    $a Registered Auckland 14 March 1889.
651  0 $a Tauranga (N.Z.) $v Newspapers.
655  7 $a New Zealand newspapers. $2 local $5 Nz
